<record><leader>00000cas a22000007a 4500</leader><controlfield tag="001">26058575</controlfield><controlfield tag="008">920622d188518uuohuwr ne      0    0eng d</controlfield><datafield ind1=" " ind2=" " tag="010"><subfield code="a">sn 92063438 </subfield></datafield><datafield ind1=" " ind2=" " tag="040"><subfield code="a">ONP</subfield><subfield code="b">eng</subfield><subfield code="c">ONP</subfield><subfield code="d">OCLCQ</subfield></datafield><datafield ind1=" " ind2=" " tag="042"><subfield code="a">msc</subfield></datafield><datafield ind1="0" ind2=" " tag="130"><subfield code="a">Ashley times (Ashley, Ohio : 1885)</subfield></datafield><datafield ind1="1" ind2="4" tag="245"><subfield code="a">The Ashley times.</subfield></datafield><datafield ind1=" " ind2=" " tag="260"><subfield code="a">Ashley, Ohio :</subfield><subfield code="b">C.B. Benedict</subfield></datafield><datafield ind1=" " ind2=" " tag="300"><subfield code="a">v.</subfield></datafield><datafield ind1=" " ind2=" " tag="310"><subfield code="a">Weekly</subfield></datafield><datafield ind1="1" ind2=" " tag="362"><subfield code="a">Began in Nov. 1885.</subfield></datafield><datafield ind1=" " ind2=" " tag="588"><subfield code="a">Description based on: Vol. 2, no. 28 (May 19, 1887).</subfield></datafield><datafield ind1=" " ind2="4" tag="651"><subfield code="a">Ashley (Ohio)</subfield><subfield code="v">Newspapers.</subfield></datafield><datafield ind1=" " ind2="4" tag="651"><subfield code="a">Delaware County (Ohio)</subfield><subfield code="v">Newspapers.</subfield></datafield><datafield ind1=" " ind2=" " tag="752"><subfield code="a">United States</subfield><subfield code="b">Ohio</subfield><subfield code="c">Delaware</subfield><subfield code="d">Ashley.</subfield></datafield></record>